@article{Zeltner2018,
	author = {Zeltner, Tizian and Jakob, Wenzel},
	title = {The Layer Laboratory: A Calculus for Additive and Subtractive Composition of Anisotropic Surface Reflectance},
	journal = {ACM Trans. Graph.},
	year = {2018},
}
@article{Belcour2018,
	author = {Laurent Belcour},
	title = {Efficient Rendering of Layered Materials using an Atomic Decomposition with Statistical Operators},
	journal = {ACM Trans. Graph.},
	year = {2018},
}
